<record><leader>00000cas a22000007a 4500</leader><controlfield tag="001">27059797</controlfield><controlfield tag="008">921203d18771877cauwr ne      0    0eng d</controlfield><datafield ind1=" " ind2=" " tag="010"><subfield code="a">sn 92069013 </subfield></datafield><datafield ind1=" " ind2=" " tag="040"><subfield code="a">CUY</subfield><subfield code="b">eng</subfield><subfield code="c">CNK</subfield><subfield code="d">OCLCQ</subfield></datafield><datafield ind1=" " ind2=" " tag="042"><subfield code="a">msc</subfield></datafield><datafield ind1="0" ind2="0" tag="245"><subfield code="a">Oakland weekly transcript and Alameda County gazette.</subfield></datafield><datafield ind1=" " ind2=" " tag="260"><subfield code="a">Oakland, Calif. :</subfield><subfield code="b">Powers &amp; Chamberlain</subfield></datafield><datafield ind1=" " ind2=" " tag="300"><subfield code="a">v.</subfield></datafield><datafield ind1=" " ind2=" " tag="310"><subfield code="a">Weekly</subfield></datafield><datafield ind1="0" ind2=" " tag="362"><subfield code="a">Vol. 22, no. 30 (Jan. 5, 1877)-v. 22, no. 38 (Mar. 2, 1877).</subfield></datafield><datafield ind1=" " ind2="4" tag="651"><subfield code="a">Alameda County (Calif.)</subfield><subfield code="v">Newspapers.</subfield></datafield><datafield ind1=" " ind2=" " tag="752"><subfield code="a">United States</subfield><subfield code="b">California</subfield><subfield code="c">Alameda</subfield><subfield code="d">Oakland.</subfield></datafield><datafield ind1="0" ind2=" " tag="775"><subfield code="t">Oakland daily transcript</subfield><subfield code="w">(DLC)sn 85025019</subfield></datafield><datafield ind1="0" ind2="0" tag="780"><subfield code="t">Alameda County gazette</subfield><subfield code="w">(DLC)sn 82015098</subfield></datafield><datafield ind1="0" ind2="0" tag="785"><subfield code="t">Oakland weekly transcript</subfield><subfield code="w">(DLC)sn 92069019</subfield></datafield><datafield ind1="1" ind2=" " tag="029"><subfield code="a">AU@</subfield><subfield code="b">000020735654</subfield></datafield></record>